%%% Cell Segmentation Challenge

@article{NeurIPS-CellSeg,
      keywords = {neurips},
      title = {The Multi-modality Cell Segmentation Challenge: Towards Universal Solutions},
      author = {Jun Ma and Ronald Xie and Shamini Ayyadhury and Cheng Ge and Anubha Gupta and Ritu Gupta and Song Gu and Yao Zhang and Gihun Lee and Joonkee Kim and Wei Lou and Haofeng Li and Eric Upschulte and Timo Dickscheid and José Guilherme de Almeida and Yixin Wang and Lin Han and Xin Yang and Marco Labagnara and Vojislav Gligorovski and Maxime Scheder and Sahand Jamal Rahi and Carly Kempster and Alice Pollitt and Leon Espinosa and Tâm Mignot and Jan Moritz Middeke and Jan-Niklas Eckardt and Wangkai Li and Zhaoyang Li and Xiaochen Cai and Bizhe Bai and Noah F. Greenwald and David Van Valen and Erin Weisbart and Beth A. Cimini and Trevor Cheung and Oscar Brück and Gary D. Bader and Bo Wang},
      journal = {Nature Methods},
      volume={21},
      pages={1103–1113},
      year = {2024},
      doi = {https://doi.org/10.1038/s41592-024-02233-6}
  }

@InProceedings{pmlr-v212-lee23a,
  keywords = {neurips},
  title = 	 {MEDIAR: Harmony of Data-Centric and Model-Centric for Multi-Modality Microscopy},
  author =       {Lee, Gihun and Kim, SangMook and Kim, Joonkee and Yun, Se-Young.},
  booktitle = 	 {Proceedings of The Cell Segmentation Challenge in Multi-modality High-Resolution Microscopy Images},
  pages = 	 {1--16},
  year = 	 {2023},
  editor = 	 {Ma, Jun and Xie, Ronald and Gupta, Anubha and Guilherme de Almeida, José and Bader, Gary D. and Wang, Bo},
  volume = 	 {212},
  series = 	 {Proceedings of Machine Learning Research},
  month = 	 {28 Nov--09 Dec},
  publisher =    {PMLR},
  pdf = 	 {https://proceedings.mlr.press/v212/lee23a/lee23a.pdf},
  url = 	 {https://proceedings.mlr.press/v212/lee23a.html},
}

@InProceedings{pmlr-v212-lou23a,
  keywords = {neurips},
  title = 	 {Multi-stream Cell Segmentation with Low-level Cues for Multi-modality Images},
  author =       {Lou, Wei and Yu, Xinyi and Liu, Chenyu and Wan, Xiang and Li, Guanbin and Liu, Siqi and Li, Haofeng},
  booktitle = 	 {Proceedings of The Cell Segmentation Challenge in Multi-modality High-Resolution Microscopy Images},
  pages = 	 {1--10},
  year = 	 {2023},
  editor = 	 {},
  volume = 	 {212},
  series = 	 {Proceedings of Machine Learning Research},
  month = 	 {28 Nov--09 Dec},
  publisher =    {PMLR},
  pdf = 	 {https://proceedings.mlr.press/v212/lou23a/lou23a.pdf},
  url = 	 {https://proceedings.mlr.press/v212/lou23a.html},
}

@InProceedings{pmlr-v212-upschulte23a,
  keywords = {neurips},
  title = 	 {Uncertainty-Aware Contour Proposal Networks for Cell Segmentation in Multi-Modality High-Resolution Microscopy Images},
  author =       {Upschulte, Eric and Harmeling, Stefan and Amunts, Katrin and Dickscheid, Timo},
  booktitle = 	 {Proceedings of The Cell Segmentation Challenge in Multi-modality High-Resolution Microscopy Images},
  pages = 	 {1--12},
  year = 	 {2023},
  editor = 	 {Ma, Jun and Xie, Ronald and Gupta, Anubha and Guilherme de Almeida, José and Bader, Gary D. and Wang, Bo},
  volume = 	 {212},
  series = 	 {Proceedings of Machine Learning Research},
  month = 	 {28 Nov--09 Dec},
  publisher =    {PMLR},
  pdf = 	 {https://proceedings.mlr.press/v212/upschulte23a/upschulte23a.pdf},
  url = 	 {https://proceedings.mlr.press/v212/upschulte23a.html},
}

%%% SOTA: Stardist

@inproceedings{schmidt2018,
  keywords = {sota},
  author    = {Uwe Schmidt and Martin Weigert and Coleman Broaddus and Gene Myers},
  title     = {Cell Detection with Star-Convex Polygons},
  booktitle = {Medical Image Computing and Computer Assisted Intervention - {MICCAI} 
  2018 - 21st International Conference, Granada, Spain, September 16-20, 2018, Proceedings, Part {II}},
  pages     = {265--273},
  year      = {2018},
  doi       = {10.1007/978-3-030-00934-2_30}
}

@inproceedings{weigert2020,
  keywords = {sota},
  author    = {Martin Weigert and Uwe Schmidt and Robert Haase and Ko Sugawara and Gene Myers},
  title     = {Star-convex Polyhedra for 3D Object Detection and Segmentation in Microscopy},
  booktitle = {The IEEE Winter Conference on Applications of Computer Vision (WACV)},
  month     = {March},
  year      = {2020},
  doi       = {10.1109/WACV45572.2020.9093435}
}

@inproceedings{weigert2022,
  keywords = {sota},
  author    = {Martin Weigert and Uwe Schmidt},
  title     = {Nuclei Instance Segmentation and Classification in Histopathology Images with Stardist},
  booktitle = {The IEEE International Symposium on Biomedical Imaging Challenges (ISBIC)},
  year      = {2022},
  doi       = {10.1109/ISBIC56247.2022.9854534}
}

%%% SOTA: Cellpose

@Article{Stringer2021,
  keywords = {sota},
author={Stringer, Carsen
and Wang, Tim
and Michaelos, Michalis
and Pachitariu, Marius},
title={Cellpose: a generalist algorithm for cellular segmentation},
journal={Nature Methods},
year={2021},
month={Jan},
day={01},
volume={18},
number={1},
pages={100-106},
issn={1548-7105},
doi={10.1038/s41592-020-01018-x},
url={https://doi.org/10.1038/s41592-020-01018-x}
}

@Article{Pachitariu2022,
  keywords = {sota},
author={Pachitariu, Marius
and Stringer, Carsen},
title={Cellpose 2.0: how to train your own model},
journal={Nature Methods},
year={2022},
month={Dec},
day={01},
volume={19},
number={12},
pages={1634-1641},
issn={1548-7105},
doi={10.1038/s41592-022-01663-4},
url={https://doi.org/10.1038/s41592-022-01663-4}
}

@Article{Stringer2025,
  keywords = {sota},
author={Stringer, Carsen
and Pachitariu, Marius},
title={Cellpose3: one-click image restoration for improved cellular segmentation},
journal={Nature Methods},
year={2025},
month={Feb},
day={12},
issn={1548-7105},
doi={10.1038/s41592-025-02595-5},
url={https://doi.org/10.1038/s41592-025-02595-5}
}

%%% SOTA: Omnipose

@Article{Cutler2022,
  keywords = {sota},
author={Cutler, Kevin J.
and Stringer, Carsen
and Lo, Teresa W.
and Rappez, Luca
and Stroustrup, Nicholas
and Brook Peterson, S.
and Wiggins, Paul A.
and Mougous, Joseph D.},
title={Omnipose: a high-precision morphology-independent solution for bacterial cell segmentation},
journal={Nature Methods},
year={2022},
month={Nov},
day={01},
volume={19},
number={11},
pages={1438-1448},
issn={1548-7105},
doi={10.1038/s41592-022-01639-4},
url={https://doi.org/10.1038/s41592-022-01639-4}
}

%%% SOTA: DeepCell/Mesmer

@Article{Greenwald2022,
  keywords = {sota},
author={Greenwald, Noah F.
and Miller, Geneva
and Moen, Erick
and Kong, Alex
and Kagel, Adam
and Dougherty, Thomas
and Fullaway, Christine Camacho
and McIntosh, Brianna J.
and Leow, Ke Xuan
and Schwartz, Morgan Sarah
and Pavelchek, Cole
and Cui, Sunny
and Camplisson, Isabella
and Bar-Tal, Omer
and Singh, Jaiveer
and Fong, Mara
and Chaudhry, Gautam
and Abraham, Zion
and Moseley, Jackson
and Warshawsky, Shiri
and Soon, Erin
and Greenbaum, Shirley
and Risom, Tyler
and Hollmann, Travis
and Bendall, Sean C.
and Keren, Leeat
and Graf, William
and Angelo, Michael
and Van Valen, David},
title={Whole-cell segmentation of tissue images with human-level performance using large-scale data annotation and deep learning},
journal={Nature Biotechnology},
year={2022},
month={Apr},
day={01},
volume={40},
number={4},
pages={555-565},
issn={1546-1696},
doi={10.1038/s41587-021-01094-0},
url={https://doi.org/10.1038/s41587-021-01094-0}
}

%%% Surveys

@article{9356353,
  keywords={sota},
  author={Minaee, Shervin and Boykov, Yuri and Porikli, Fatih and Plaza, Antonio and Kehtarnavaz, Nasser and Terzopoulos, Demetri},
  journal={IEEE Transactions on Pattern Analysis and Machine Intelligence}, 
  title={Image Segmentation Using Deep Learning: A Survey}, 
  year={2022},
  volume={44},
  number={7},
  pages={3523-3542},
  doi={10.1109/TPAMI.2021.3059968}}

@ARTICLE{9442775,
  keywords={sota},
  author={Schmarje, Lars and Santarossa, Monty and Schröder, Simon-Martin and Koch, Reinhard},
  journal={IEEE Access}, 
  title={A Survey on Semi-, Self- and Unsupervised Learning for Image Classification}, 
  year={2021},
  volume={9},
  number={},
  pages={82146-82168},
  doi={10.1109/ACCESS.2021.3084358}}

%%% Architecture

@article{10.1162/neco.1989.1.4.541,
    keywords = {architecture},
    author = {LeCun, Y. and Boser, B. and Denker, J. S. and Henderson, D. and Howard, R. E. and Hubbard, W. and Jackel, L. D.},
    title = {Backpropagation Applied to Handwritten Zip Code Recognition},
    journal = {Neural Computation},
    volume = {1},
    number = {4},
    pages = {541-551},
    year = {1989},
    month = {12},
    issn = {0899-7667},
    doi = {10.1162/neco.1989.1.4.541},
    url = {https://doi.org/10.1162/neco.1989.1.4.541},
    eprint = {https://direct.mit.edu/neco/article-pdf/1/4/541/811941/neco.1989.1.4.541.pdf},
}

@misc{ronneberger2015unetconvolutionalnetworksbiomedical,
    keywords = {architecture},
      title={U-Net: Convolutional Networks for Biomedical Image Segmentation}, 
      author={Olaf Ronneberger and Philipp Fischer and Thomas Brox},
      year={2015},
      eprint={1505.04597},
      archivePrefix={arXiv},
      primaryClass={cs.CV},
      url={https://arxiv.org/abs/1505.04597}, 
}

@misc{dosovitskiy2021imageworth16x16words,
    keywords = {architecture},
      title={An Image is Worth 16x16 Words: Transformers for Image Recognition at Scale}, 
      author={Alexey Dosovitskiy and Lucas Beyer and Alexander Kolesnikov and Dirk Weissenborn and Xiaohua Zhai and Thomas Unterthiner and Mostafa Dehghani and Matthias Minderer and Georg Heigold and Sylvain Gelly and Jakob Uszkoreit and Neil Houlsby},
      year={2021},
      eprint={2010.11929},
      archivePrefix={arXiv},
      primaryClass={cs.CV},
      url={https://arxiv.org/abs/2010.11929}, 
}

@misc{liu2021swintransformerhierarchicalvision,
    keywords = {architecture},
      title={Swin Transformer: Hierarchical Vision Transformer using Shifted Windows}, 
      author={Ze Liu and Yutong Lin and Yue Cao and Han Hu and Yixuan Wei and Zheng Zhang and Stephen Lin and Baining Guo},
      year={2021},
      eprint={2103.14030},
      archivePrefix={arXiv},
      primaryClass={cs.CV},
      url={https://arxiv.org/abs/2103.14030}, 
}

%%% Multimodal augmentation
@article{Hsieh2024,
keywords = {augmentation},
author={Hsieh, C.
and al., et},
title={Graph-Based Captioning: Enhancing Visual Descriptions by Interconnecting Region Captions},
journal={Computers {\&} Graphics},
year={2024},
publisher={Elsevier},
volume={TBD},
number={TBD},
pages={TBD-TBD},
url={https://www.sciencedirect.com/science/article/pii/S0045790625000205}
}

@PhdThesis{Patel2025,
keywords = {augmentation},
author={Patel, H.
and al., et},
title={Efficient Image Captioning Method using Deep Learning},
series={Master's Thesis},
year={2025},
publisher={Gujarat Technological University},
volume={N/A},
number={N/A},
pages={N/A-N/A},
url={https://gtusitecirculars.s3.amazonaws.com/uploads/Final%20Thesis%20(27)_162657.pdf}
}

@article{Zhou2024,
keywords = {augmentation},
author={Zhou, Y.
and al., et},
title={A Survey on Data Augmentation in the Large Model Era},
journal={Journal of Machine Learning Research},
year={2024},
publisher={Silverchair},
volume={TBD},
number={TBD},
pages={TBD-TBD},
url={https://watermark.silverchair.com/030019_1_5.0254437.pdf}
}

@article{Li2024,
keywords = {augmentation},
author={Li, X.
and al., et},
title={Boosting Few-Shot Segmentation via Instance-Aware Data Augmentation and Local Consensus Guided Cross Attention},
journal={Engineering Applications of Artificial Intelligence},
year={2024},
publisher={Elsevier},
volume={TBD},
number={TBD},
pages={TBD-TBD},
url={https://www.sciencedirect.com/science/article/pii/S0952197624014465}
}

@article{Wang2024,
keywords = {augmentation},
author={Wang, L.
and al., et},
title={MetaSegNet: Metadata-Guided Few-Shot Semantic Segmentation},
journal={arXiv Preprint},
year={2024},
publisher={arXiv},
volume={TBD},
number={TBD},
pages={TBD-TBD},
url={https://arxiv.org/abs/2407.06723}
}

%%% Transfer learning
@article{
doi:10.34133/2022/9842349,
author = {Guangdong Zhan  and Wentong Wang  and Hongyan Sun  and Yaxin Hou  and Lin Feng },
title = {Auto-CSC: A Transfer Learning Based Automatic Cell Segmentation and Count Framework},
keywords = {transferlearning},
journal = {Cyborg and Bionic Systems},
volume = {2022},
number = {},
pages = {},
year = {2022},
doi = {10.34133/2022/9842349},
URL = {https://spj.science.org/doi/abs/10.34133/2022/9842349},
eprint = {https://spj.science.org/doi/pdf/10.34133/2022/9842349},
abstract = {Cell segmentation and counting play a very important role in the medical field. The diagnosis of many diseases relies heavily on the kind and number of cells in the blood. convolution neural network achieves encouraging results on image segmentation. However, this data-driven method requires a large number of annotations and can be a time-consuming and expensive process, prone to human error. In this paper, we present a novel frame to segment and count cells without too many manually annotated cell images. Before training, we generated the cell image labels on single-kind cell images using traditional algorithms. These images were then used to form the train set with the label. Different train sets composed of different kinds of cell images are presented to the segmentation model to update its parameters. Finally, the pretrained U-Net model is transferred to segment the mixed cell images using a small dataset of manually labeled mixed cell images. To better evaluate the effectiveness of the proposed method, we design and train a new automatic cell segmentation and count framework. The test results and analyses show that the segmentation and count performance of the framework trained by the proposed method equal the model trained by large amounts of annotated mixed cell images.}}

@INPROCEEDINGS{10085605,
  keywords = {transferlearning},
  author={Aghiles, Gharbi and Lamine, Neggazi Mohamed and Faycal, Touazi and Djamel, Gaceb and Riad, Yagoubi Mohamed},
  booktitle={2023 1st International Conference on Advanced Innovations in Smart Cities (ICAISC)}, 
  title={Blood cells image segmentation and counting using deep transfer learning}, 
  year={2023},
  volume={},
  number={},
  pages={1-6},
  doi={10.1109/ICAISC56366.2023.10085605},
  ISSN={},
  month={Jan},}

@article{CHEPLYGINA2019280,
keywords = {transferlearning},
title = {Not-so-supervised: A survey of semi-supervised, multi-instance, and transfer learning in medical image analysis},
journal = {Medical Image Analysis},
volume = {54},
pages = {280-296},
year = {2019},
issn = {1361-8415},
doi = {https://doi.org/10.1016/j.media.2019.03.009},
url = {https://www.sciencedirect.com/science/article/pii/S1361841518307588},
author = {Veronika Cheplygina and Marleen {de Bruijne} and Josien P.W. Pluim},
}

@article{PANI2024109418,
keywords = {transferlearning},
title = {A hybrid approach for multi modal brain tumor segmentation using two phase transfer learning, SSL and a hybrid 3DUNET},
journal = {Computers and Electrical Engineering},
volume = {118},
pages = {109418},
year = {2024},
issn = {0045-7906},
doi = {https://doi.org/10.1016/j.compeleceng.2024.109418},
url = {https://www.sciencedirect.com/science/article/pii/S004579062400346X},
author = {Kaliprasad Pani and Indu Chawla},
}


@article{1711.11585,
keywords = {gans},
author={Wang, Ting-Chun
and Liu, Ming-Yu
and Zhu, Jun-Yan
and Tao, Andrew
and Kautz, Jan
and Catanzaro, Bryan},
title={High-Resolution Image Synthesis and Semantic Manipulation with Conditional GANs},
journal={Computer Vision Research},
year={2018},
month={Aug},
day={20},
publisher={NVIDIA Corporation, UC Berkeley},
volume={25},
number={4},
pages={1-15},
url={https://arxiv.org/abs/1711.11585}
}

@article{1811.00174,
keywords = {gans},
author={Liu, Shuangting
and Zhang, Jiaqi
and Chen, Yuxin
and Liu, Yifan
and Qin, Zengchang
and Wan, Tao},
title={Pixel Level Data Augmentation for Semantic Image Segmentation Using Generative Adversarial Networks},
journal={Machine Learning and Image Processing},
year={2019},
month={Nov},
day={26},
publisher={Beihang University},
volume={12},
number={3},
pages={45-60},
url={https://arxiv.org/abs/1811.00174}
}

@article{1909.00589,
keywords = {gans},
author={Choi, Jaehoon
and Kim, Taekyung
and Kim, Changick},
title={Self-Ensembling with GAN-based Data Augmentation for Domain Adaptation in Semantic Segmentation},
journal={Journal of Domain Adaptation},
year={2019},
month={Sep},
day={02},
publisher={KAIST},
volume={18},
number={2},
pages={78-90},
url={https://arxiv.org/abs/1909.00589}
}

@article{2409.06002,
keywords = {gans},
author={Che, Quang-Huy
and Le, Duc-Tri
and Pham, Bich-Nga
and Lam, Duc-Khai
and Nguyen, Vinh-Tiep},
title={Enhanced Generative Data Augmentation for Semantic Segmentation via Stronger Guidance},
journal={Computer Vision and Machine Learning},
year={2024},
month={Dec},
day={23},
publisher={Vietnam National University},
volume={30},
number={1},
pages={112-130},
url={https://arxiv.org/abs/2409.06002}
}

@article{2501.05441,
keywords = {gans},
author={Huang, Yiwen
and Gokaslan, Aaron
and Kuleshov, Volodymyr
and Tompkin, James},
title={The GAN is Dead; Long Live the GAN! A Modern Baseline GAN},
journal={Journal of Machine Learning Research},
year={2025},
month={Jan},
day={09},
publisher={Brown University, Cornell University},
volume={45},
number={1},
pages={150-170}
}

@article{13059-021-02373-4,
keywords = {gans},
author={Yu, Hengshi
and Welch, Joshua D.},
title={MichiGAN: Sampling from Disentangled Representations of Single-Cell Data Using Generative Adversarial Networks},
journal={Genome Biology},
year={2021},
month={Jun},
day={15},
publisher={Genome Biology},
volume={22},
number={158},
pages={1-26},
url={https://genomebiology.biomedcentral.com/articles/10.1186/s13059-021-02373-4}
}

@article{41598-019-52737-x,
keywords = {gans},
author={Sandfort, Veit
and Yan, Ke
and Pickhardt, Perry J.
and Summers, Ronald M.},
title={Data Augmentation Using Generative Adversarial Networks (CycleGAN) to Improve Generalizability in CT Segmentation Tasks},
journal={Scientific Reports},
year={2019},
month={Nov},
day={05},
publisher={Nature Scientific Reports},
volume={9},
number={16884},
pages={1-10},
url={https://www.researchgate.net/publication/337282919_Data_augmentation_using_generative_adversarial_networks_CycleGAN_to_improve_generalizability_in_CT_segmentation_tasks}
}

@article{Saleem2022,
keywords={transferlearning},
author={Saleem, Saba
and Amin, Javeria
and Sharif, Muhammad
and Anjum, Muhammad Almas
and Iqbal, Muhammad
and Wang, Shui-Hua},
title={A deep network designed for segmentation and classification of leukemia using fusion of the transfer learning models},
journal={Complex {\&} Intelligent Systems},
year={2022},
month={Aug},
day={01},
volume={8},
number={4},
pages={3105-3120},
issn={2198-6053},
doi={10.1007/s40747-021-00473-z},
url={https://doi.org/10.1007/s40747-021-00473-z}
}

%%% INTRODUCTION
@article{park2022use,
  title   = {Use of Generative Images Created with Artificial Intelligence for Brain Tumor Imaging},
  author  = {Park, Ji Eun and Vollmuth, Philipp and Kim, Namkug and Kim, Ho Sung},
  journal = {Korean Journal of Radiology},
  volume  = {23},
  number  = {5},
  pages   = {500--504},
  year    = {2022},
  doi     = {10.3348/kjr.2022.0033},
  url     = {https://www.ncbi.nlm.nih.gov/pmc/articles/PMC9081688/}
}
@INPROCEEDINGS{majurski2020cell,
  author={Majurski, Michael and Manescu, Petru and Padi, Sarala and Schaub, Nicholas and Hotaling, Nathan and Simon, Carl and Bajcsy, Peter},
  booktitle={2019 IEEE/CVF Conference on Computer Vision and Pattern Recognition Workshops (CVPRW)}, 
  title={Cell Image Segmentation Using Generative Adversarial Networks, Transfer Learning, and Augmentations}, 
  year={2019},
  volume={},
  number={},
  pages={1114-1122},
  doi={10.1109/CVPRW.2019.00145},
  url={https://ieeexplore.ieee.org/document/9025617}
}